@inproceedings{fo90,
  author    = {Flajolet, Philippe
               and Odlyzko, Andrew M.},
  editor    = {Quisquater, Jean-Jacques
               and Vandewalle, Joos},
  title     = {Random Mapping Statistics},
  booktitle = {Advances in Cryptology --- EUROCRYPT '89},
  year      = {1990},
  publisher = {Springer Berlin Heidelberg},
  address   = {Berlin, Heidelberg},
  pages     = {329--354},
  doi       = {10.1007/3-540-46885-4_34}
}

@book{knu14,
  author    = {Knuth, Donald E.},
  publisher = {Addison-Wesley},
  title     = {The Art of Computer Programming - Volume 2 (Seminumerical Algorithms)},
  year      = {2014}
}